@article{example-article,
  author = "著者",
  yomi = "tyosya",
  title = "タイトル",
  journal= "論文誌"
  year = 1998,
  month = September,
  volume = 1,
  pages = p.11-p.200,
  note = " ",
}

