@book{example-book,
  author = "著者",
  yomi = "tyosya",
  title = "タイトル",
  publisher = "出版社",
  series = "シリーズ",
  note = " ",
  year = 1998 ,
}

