@Misc{example-url,
  title = "{タイトル}",
  howpublished = "\url{http://www.example.com}"
}

